@book{carroll2006,
  title={Measurement {Error in Nonlinear Models: A Modern Perspective}},
  author={Carroll, Raymond J and Ruppert, David and Stefanski, Leonard A and Crainiceanu, Ciprian M},
  year={2006},
  publisher={CRC press}
}

@article{stefanski1985,
  title={Covariate measurement error in logistic regression},
  author={Stefanski, Leonard A and Carroll, Raymond J},
  journal={The Annals of Statistics},
  volume={13},
  number={4},
  pages={1335--1351},
  year={1985},
  publisher={JSTOR}
}

@article{stefanski1987,
  title={Conditional scores and optimal scores for generalized linear measurement-error models},
  author={Stefanski, Leonard A and Carroll, Raymond J},
  journal={Biometrika},
  volume={74},
  number={4},
  pages={703--716},
  year={1987},
  publisher={Oxford University Press}
}

@book{mccullagh1989,
  title={Generalized {Linear Models}},
  author={McCullagh, Peter and Nelder, John A},
  year={1989},
  publisher={Routledge}
}

@article{dagalp2001,
  title={Estimators For generalized linear measurement error models with interaction terms},
  author={Dagalp, Rukiye Esener},
  journal={Doctoral Dissertation, North Carolina State University},
  year={2001}
}

@article{edwards2015all,
  title={All your data are always missing: incorporating bias due to measurement error into the potential outcomes framework},
  author={Edwards, Jessie K and Cole, Stephen R and Westreich, Daniel},
  journal={International Journal of Epidemiology},
  volume={44},
  number={4},
  pages={1452--1459},
  year={2015},
  publisher={Oxford University Press}
}

@article{edwards2015multiple,
  title={Multiple imputation to account for measurement error in marginal structural models},
  author={Edwards, Jessie K and Cole, Stephen R and Westreich, Daniel and Crane, Heidi and Eron, Joseph J and Mathews, W Christopher and Moore, Richard and Boswell, Stephen L and Lesko, Catherine R and Mugavero, Michael J and others},
  journal={Epidemiology (Cambridge, Mass.)},
  volume={26},
  number={5},
  pages={645-652},
  year={2015},
  publisher={NIH Public Access}
}

@article{hong2017,
  title={Bayesian approach for addressing differential covariate measurement error in propensity score methods},
  author={Hong, Hwanhee and Rudolph, Kara E and Stuart, Elizabeth A},
  journal={Psychometrika},
  volume={82},
  number={4},
  pages={1078--1096},
  year={2017},
  publisher={Springer}
}

@article{mccaffrey2013,
  title={Inverse probability weighting with error-prone covariates},
  author={McCaffrey, Daniel F and Lockwood, JR and Setodji, Claude M},
  journal={Biometrika},
  volume={100},
  number={3},
  pages={671--680},
  year={2013},
  publisher={Oxford University Press}
}

@article{shu2019,
  title={Inverse-probability-of-treatment weighted estimation of causal parameters in the presence of error-contaminated and time-dependent confounders},
  author={Shu, Di and Yi, Grace Y},
  journal={Biometrical Journal},
  volume={61},
  number={6},
  pages={1507--1525},
  year={2019},
  publisher={Wiley Online Library}
}

@article{ma2006,
  title={On closed form semiparametric estimators for measurement error models},
  author={Ma, Yanyuan and Tsiatis, Anastasios A},
  journal={Statistica Sinica},
  volume={16},
  number={1},
  pages={183--193},
  year={2006},
  publisher={JSTOR}
}

@article{tsiatis2004,
  title={Locally efficient semiparametric estimators for functional measurement error models},
  author={Tsiatis, Anastasios A and Ma, Yanyuan},
  journal={Biometrika},
  volume={91},
  number={4},
  pages={835--848},
  year={2004},
  publisher={Oxford University Press}
}

@article{wu2019,
  title={Causal inference in the context of an error prone exposure: air pollution and mortality},
  author={Wu, Xiao and Braun, Danielle and Kioumourtzoglou, Marianthi-Anna and Choirat, Christine and Di, Qian and Dominici, Francesca},
  journal={The Annals of Applied Statistics},
  volume={13},
  number={1},
  pages={520-547},
  year={2019},
  publisher={NIH Public Access}
}

@article{cole2010,
  title={Using marginal structural measurement-error models to estimate the long-term effect of antiretroviral therapy on incident {AIDS} or death},
  author={Cole, Stephen R and Jacobson, Lisa P and Tien, Phyllis C and Kingsley, Lawrence and Chmiel, Joan S and Anastos, Kathryn},
  journal={American Journal of Epidemiology},
  volume={171},
  number={1},
  pages={113--122},
  year={2010},
  publisher={Oxford University Press}
}

@article{braun2017,
  title={Propensity scores with misclassified treatment assignment: a likelihood-based adjustment},
  author={Braun, Danielle and Gorfine, Malka and Parmigiani, Giovanni and Arvold, Nils D and Dominici, Francesca and Zigler, Corwin},
  journal={Biostatistics},
  volume={18},
  number={4},
  pages={695--710},
  year={2017},
  publisher={Oxford University Press}
}

@article{kyle2016,
  title={Correcting for measurement error in time-varying covariates in marginal structural models},
  author={Kyle, Ryan P and Moodie, Erica EM and Klein, Marina B and Abrahamowicz, Micha{\l}},
  journal={American Journal of Epidemiology},
  volume={184},
  number={3},
  pages={249--258},
  year={2016},
  publisher={Oxford University Press}
}

@article{lockwood2015,
  title={Simulation-extrapolation for estimating means and causal effects with mismeasured covariates.},
  author={Lockwood, JR and McCaffrey, Daniel F},
  journal={Observational Studies},
  volume={1},
  number={1},
  pages={241--290},
  year={2015},
  publisher={ERIC}
}

@article{kuroki2014,
  title={Measurement bias and effect restoration in causal inference},
  author={Kuroki, Manabu and Pearl, Judea},
  journal={Biometrika},
  volume={101},
  number={2},
  pages={423--437},
  year={2014},
  publisher={Oxford University Press}
}

@incollection{kendall2015,
  title={A statistical symphony: instrumental variables reveal causality and control measurement error},
  author={Kendall, Bruce E},
  editor={G.A. Fox, S. Negrete-Yankelevich, and V.J. Sosa},
  booktitle={Ecological Statistics: Contemporary Theory and Application},
  publisher={Oxford University Press},
  year={2015},
  chapter={7}
}

@article{vansteelandt2009,
  title={Correcting instrumental variables estimators for systematic measurement error},
  author={Vansteelandt, Stijn and Babanezhad, Manoochehr and Goetghebeur, Els},
  journal={Statistica Sinica},
  volume={19},
  pages={1223-1246},
  year={2009},
  publisher={NIH Public Access}
}

@article{robins1986,
  title={A new approach to causal inference in mortality studies with a sustained exposure periodâ€”application to control of the healthy worker survivor effect},
  author={Robins, James},
  journal={Mathematical Modelling},
  volume={7},
  number={9-12},
  pages={1393--1512},
  year={1986},
  publisher={Elsevier}
}

@article{robins2000a,
  title={Marginal structural models and causal inference in epidemiology},
  author={Robins, James M and Hern{\'a}n, Miguel Angel and Brumback, Babette},
  journal={Epidemiology},
  volume={11},
  number={5},
  pages={550--560},
  year={2000},
  publisher={LWW}
}

@article{hernan2001,
  title={Marginal structural models to estimate the joint causal effect of nonrandomized treatments},
  author={Hern{\'a}n, Miguel A and Brumback, Babette and Robins, James M},
  journal={Journal of the American Statistical Association},
  volume={96},
  number={454},
  pages={440--448},
  year={2001},
  publisher={Taylor \& Francis}
}

@article{naimi2014,
  title={Constructing inverse probability weights for continuous exposures: a comparison of methods},
  author={Naimi, Ashley I and Moodie, Erica EM and Auger, Nathalie and Kaufman, Jay S},
  journal={Epidemiology},
  volume={25},
  number={2},
  pages={292--299},
  year={2014},
  publisher={JSTOR}
}

@article{bang2005,
  title={Doubly robust estimation in missing data and causal inference models},
  author={Bang, Heejung and Robins, James M},
  journal={Biometrics},
  volume={61},
  number={4},
  pages={962--973},
  year={2005},
  publisher={Wiley Online Library}
}

@article{lunceford2004,
  title={Stratification and weighting via the propensity score in estimation of causal treatment effects: a comparative study},
  author={Lunceford, Jared K and Davidian, Marie},
  journal={Statistics in Medicine},
  volume={23},
  number={19},
  pages={2937--2960},
  year={2004},
  publisher={Wiley Online Library}
}

@article{robins1994,
  title={Estimation of regression coefficients when some regressors are not always observed},
  author={Robins, James M and Rotnitzky, Andrea and Zhao, Lue Ping},
  journal={Journal of the American statistical Association},
  volume={89},
  number={427},
  pages={846--866},
  year={1994},
  publisher={Taylor \& Francis}
}

@incollection{robins2000b,
  title={Marginal structural models versus structural nested models as tools for causal inference},
  author={Robins, James M},
  editor={M.E. Halloran and D. Berry},
  booktitle={Statistical Models in Epidemiology, the Environment, and Clinical Trials. The IMA Volumes in Mathematics and its Applications, vol 116. },
  pages={95--133},
  year={2000},
  publisher={Springer, New York, NY}
}

@article{neugebauer2005,
  title={Why prefer double robust estimators in causal inference?},
  author={Neugebauer, Romain and van der Laan, Mark},
  journal={Journal of Statistical Planning and Inference},
  volume={129},
  number={1-2},
  pages={405--426},
  year={2005},
  publisher={Elsevier}
}

@article{miles2018,
  title={A class of semiparametric tests of treatment effect robust to confounder measurement error},
  author={Miles, Caleb H and Schwartz, Joel and Tchetgen Tchetgen, Eric J},
  journal={Statistics in Medicine},
  volume={37},
  number={24},
  pages={3403--3416},
  year={2018},
  publisher={Wiley Online Library}
}

@article{stefanski2002,
  title={The calculus of {M-estimation}},
  author={Stefanski, Leonard A and Boos, Dennis D},
  journal={The American Statistician},
  volume={56},
  number={1},
  pages={29--38},
  year={2002},
  publisher={Taylor \& Francis}
}

@article{nakamura1990,
  title={Corrected score function for errors-in-variables models: Methodology and application to generalized linear models},
  author={Nakamura, Tsuyoshi},
  journal={Biometrika},
  volume={77},
  number={1},
  pages={127--137},
  year={1990},
  publisher={Oxford University Press}
}

@article{liu2017,
  title={Estimation and inference of error-prone covariate effect in the presence of confounding variables},
  author={Liu, Jianxuan and Ma, Yanyuan and Zhu, Liping and Carroll, Raymond J},
  journal={Electronic Journal of Statistics},
  volume={11},
  number={1},
  pages={480-501},
  year={2017},
  publisher={NIH Public Access}
}

@incollection{hirano2004,
  title={The propensity score with continuous treatments},
  author={Keisuke Hirano and Imbens, Guido W.},
  year={2004},
  editor={Andrew Gelman and Xiao-li Meng},
  pages={73--84},
  booktitle={Applied Bayesian Modeling and Causal Inference from Incomplete-Data Perspectives: An Essential Journey with Donald Rubin's Statistical Family},
  publisher={Wiley Blackwell},
  chapter={7}
}

@article{hirano2001,
  title={Estimation of causal effects using propensity score weighting: An application to data on right heart catheterization},
  author={Hirano, Keisuke and Imbens, Guido W},
  journal={Health Services and Outcomes Research Methodology},
  volume={2},
  pages={259--278},
  year={2001},
  publisher={Springer}
}

@article{blom2018,
  title={An upper bound for random measurement error in causal discovery},
  author={Blom, Tineke and Klimovskaia, Anna and Magliacane, Sara and Mooij, Joris M},
  journal={arXiv preprint arXiv:1810.07973},
  year={2018}
}

@article{saul2017,
   author = {Bradley Saul and Michael Hudgens},
   title = {The Calculus of {M-Estimation in R} with geex},
   journal = {Journal of Statistical Software, Articles},
   volume = {92},
   number = {2},
   year = {2020},
   pages = {1--15}
}

@article{wang2009,
  title={Causal inference in outcome-dependent two-phase sampling designs},
  author={Wang, Weiwei and Scharfstein, Daniel and Tan, Zhiqiang and MacKenzie, Ellen J},
  journal={Journal of the Royal Statistical Society: Series B (Statistical Methodology)},
  volume={71},
  number={5},
  pages={947--969},
  year={2009},
  publisher={Wiley Online Library}
}

@article{rose2011,
  title={A targeted maximum likelihood estimator for two-stage designs},
  author={Rose, Sherri and van der Laan, Mark J},
  journal={The International Journal of Biostatistics},
  volume={7},
  number={1},
  article={17},
  year={2011},
  publisher={Berkeley Electronic Press}
}

@article{hammer2013,
  title={Efficacy trial of a DNA/rAd5 {HIV-1} preventive vaccine},
  author={Hammer, Scott M and Sobieszczyk, Magdalena E and Janes, Holly and Karuna, Shelly T and Mulligan, Mark J and Grove, Doug and Koblin, Beryl A and Buchbinder, Susan P and Keefer, Michael C and Tomaras, Georgia D and others},
  journal={New England Journal of Medicine},
  volume={369},
  number={22},
  pages={2083--2092},
  year={2013},
  publisher={Mass Medical Soc}
}

@article{janes2017,
  title={Higher T-cell responses induced by {DNA/rAd5 HIV-1} preventive vaccine are associated with lower {HIV-1} infection risk in an efficacy trial},
  author={Janes, Holly E and Cohen, Kristen W and Frahm, Nicole and De Rosa, Stephen C and Sanchez, Brittany and Hural, John and Magaret, Craig A and Karuna, Shelly and Bentley, Carter and Gottardo, Raphael and others},
  journal={The Journal of Infectious Diseases},
  volume={215},
  number={9},
  pages={1376--1385},
  year={2017},
  publisher={Oxford University Press US}
}

@article{fong2018,
  title={Modification of the association between T-cell immune responses and human immunodeficiency virus type 1 infection risk by vaccine-induced antibody responses in the {HVTN} 505 trial},
  author={Fong, Youyi and Shen, Xiaoying and Ashley, Vicki C and Deal, Aaron and Seaton, Kelly E and Yu, Chenchen and Grant, Shannon P and Ferrari, Guido and deCamp, Allan C and Bailer, Robert T and others},
  journal={The Journal of Infectious Diseases},
  volume={217},
  number={8},
  pages={1280--1288},
  year={2018},
  publisher={Oxford University Press US}
}

@article{neidich2019,
  title={Antibody {Fc} effector functions and IgG3 associate with decreased {HIV-1} risk},
  author={Neidich, Scott D and Fong, Youyi and Li, Shuying S and Geraghty, Daniel E and Williamson, Brian D and Young, William Chad and Goodman, Derrick and Seaton, Kelly E and Shen, Xiaoying and Sawant, Sheetal and others},
  journal={Journal of Clinical Investigation},
  volume={129},
  number={11},
  pages={4838--4849},
  year={2019},
  publisher={Am Soc Clin Investig}
}

@article{cole2008,
  title={Constructing inverse probability weights for marginal structural models},
  author={Cole, Stephen R and Hern{\'a}n, Miguel A},
  journal={American Journal of Epidemiology},
  volume={168},
  number={6},
  pages={656--664},
  year={2008},
  publisher={Oxford University Press}
}

@article{zubizarreta2015,
  title={Stable weights that balance covariates for estimation with incomplete outcome data},
  author={Zubizarreta, Jos{\'e} R},
  journal={Journal of the American Statistical Association},
  volume={110},
  number={511},
  pages={910--922},
  year={2015},
  publisher={Taylor \& Francis}
}

@article{long2018,
  title={Joint modeling of multivariate longitudinal data and survival data in several observational studies of Huntingtonâ€™s disease},
  author={Long, Jeffrey D and Mills, James A},
  journal={BMC Medical Research Methodology},
  volume={18},
  number={1},
  pages={1--15},
  year={2018},
  publisher={BioMed Central}
}

@article{brombin2016    ,
  title={Joint modeling of {HIV} data in multicenter observational studies: A comparison among different approaches},
  author={Brombin, Chiara and Di Serio, Clelia and Rancoita, Paola MV},
  journal={Statistical Methods in Medical Research},
  volume={25},
  number={6},
  pages={2472--2487},
  year={2016},
  publisher={SAGE Publications Sage UK: London, England}
}

@article{murphy2015,
  title={A longitudinal, observational study with many repeated measures demonstrated improved precision of individual survival curves using Bayesian joint modeling of disability and survival},
  author={Murphy, Terrence E and Allore, Heather G and Han, Ling and Peduzzi, Peter N and Gill, Thomas M and Xu, Xiao and Lin, Haiqun},
  journal={Experimental Aging Research},
  volume={41},
  number={3},
  pages={221--239},
  year={2015},
  publisher={Taylor \& Francis}
}

@article{neyman1923,
  title={On the application of probability theory to agricultural experiments. essay on principles. section 9.(tlanslated and edited by dm dabrowska and tp speed, statistical science (1990), 5, 465-480)},
  author={Neyman, Jerzy S},
  journal={Annals of Agricultural Sciences},
  volume={10},
  pages={1--51},
  year={1923}
}

@article{scheid2009,
  title={Broad diversity of neutralizing antibodies isolated from memory B cells in {HIV-infected} individuals},
  author={Scheid, Johannes F and Mouquet, Hugo and Feldhahn, Niklas and Seaman, Michael S and Velinzon, Klara and Pietzsch, John and Ott, Rene G and Anthony, Robert M and Zebroski, Henry and Hurley, Arlene and others},
  journal={Nature},
  volume={458},
  number={7238},
  pages={636--640},
  year={2009},
  publisher={Nature Publishing Group}
}

@article{tsiatis2001,
  title={A semiparametric estimator for the proportional hazards model with longitudinal covariates measured with error},
  author={Tsiatis, Anastasios A and Davidian, Marie},
  journal={Biometrika},
  volume={88},
  number={2},
  pages={447--458},
  year={2001},
  publisher={Oxford University Press}
}

@article{de1994,
  title={Modelling progression of CD4-lymphocyte count and its relationship to survival time},
  author={De Gruttola, Victor and Tu, Xin Ming},
  journal={Biometrics},
  volume={50},
  number={4},
  pages={1003--1014},
  year={1994},
  publisher={JSTOR}
}

@article{tsiatis1995,
  title={Modeling the relationship of survival to longitudinal data measured with error. Applications to survival and CD4 counts in patients with AIDS},
  author={Tsiatis, Anastasios A and Degruttola, Victor and Wulfsohn, Michael S},
  journal={Journal of the American Statistical Association},
  volume={90},
  number={429},
  pages={27--37},
  year={1995},
  publisher={Taylor \& Francis}
}

@article{faucett1996,
  title={Simultaneously modelling censored survival data and repeatedly measured covariates: a Gibbs sampling approach},
  author={Faucett, Cheryl L and Thomas, Duncan C},
  journal={Statistics in Medicine},
  volume={15},
  number={15},
  pages={1663--1685},
  year={1996},
  publisher={Wiley Online Library}
}

@article{wulfsohn1997,
  title={A joint model for survival and longitudinal data measured with error},
  author={Wulfsohn, Michael S and Tsiatis, Anastasios A},
  journal={Biometrics},
  volume={53},
  number={1},
  pages={330--339},
  year={1997},
  publisher={JSTOR}
}

@article{tsiatis2004joint,
  title={Joint modeling of longitudinal and time-to-event data: an overview},
  author={Tsiatis, Anastasios A and Davidian, Marie},
  journal={Statistica Sinica},
  volume={14},
  number={3},
  pages={809--834},
  year={2004},
  publisher={JSTOR}
}

@article{lawrence2015,
  title={Joint modeling of survival and longitudinal non-survival data: current methods and issues. Report of the DIA Bayesian joint modeling working group},
  author={Lawrence Gould, A and Boye, Mark Ernest and Crowther, Michael J and Ibrahim, Joseph G and Quartey, George and Micallef, Sandrine and Bois, Frederic Y},
  journal={Statistics in Medicine},
  volume={34},
  number={14},
  pages={2181--2195},
  year={2015},
  publisher={Wiley Online Library}
}

@article{papageorgiou2019,
  title={An overview of joint modeling of time-to-event and longitudinal outcomes},
  author={Papageorgiou, Grigorios and Mauff, Katya and Tomer, Anirudh and Rizopoulos, Dimitris},
  journal={Annual Review of Statistics and its Application},
  volume={6},
  year={2019},
  publisher={Annual Reviews}
}

@article{ibrahim2010,
  title={Basic concepts and methods for joint models of longitudinal and survival data},
  author={Ibrahim, Joseph G and Chu, Haitao and Chen, Liddy M},
  journal={Journal of Clinical Oncology},
  volume={28},
  number={16},
  pages={2796},
  year={2010},
  publisher={American Society of Clinical Oncology}
}

@article{proust2014,
  title={Joint latent class models for longitudinal and time-to-event data: A review},
  author={Proust-Lima, C{\'e}cile and S{\'e}ne, Mb{\'e}ry and Taylor, Jeremy MG and Jacqmin-Gadda, H{\'e}l{\`e}ne},
  journal={Statistical Methods in Medical Research},
  volume={23},
  number={1},
  pages={74--90},
  year={2014},
  publisher={Sage Publications Sage UK: London, England}
}

@book{rizopoulos2012,
  title={Joint models for longitudinal and time-to-event data: With applications in R},
  author={Rizopoulos, Dimitris},
  year={2012},
  publisher={CRC press}
}

@book{elashoff2016,
  title={Joint modeling of longitudinal and time-to-event data},
  author={Elashoff, Robert and Li, Gang and Li, Ning},
  year={2016},
  publisher={CRC Press}
}

@article{hernan2010,
  title={The hazards of hazard ratios},
  author={Hern{\'a}n, Miguel A},
  journal={Epidemiology (Cambridge, Mass.)},
  volume={21},
  number={1},
  pages={13},
  year={2010},
  publisher={NIH Public Access}
}

@article{hernan2000,
  title={Marginal structural models to estimate the causal effect of zidovudine on the survival of {HIV-positive} men},
  author={Hern{\'a}n, Miguel {\'A}ngel and Brumback, Babette and Robins, James M},
  journal={Epidemiology},
  volume={11},
  number={5},
  pages={561--570},
  year={2000},
  publisher={JSTOR}
}

@article{keil2014,
  title={The parametric G-formula for time-to-event data: towards intuition with a worked example},
  author={Keil, Alexander P and Edwards, Jessie K and Richardson, David R and Naimi, Ashley I and Cole, Stephen R},
  journal={Epidemiology (Cambridge, Mass.)},
  volume={25},
  number={6},
  pages={889},
  year={2014},
  publisher={NIH Public Access}
}

@article{hernan2005,
  title={Structural accelerated failure time models for survival analysis in studies with time-varying treatments},
  author={Hern{\'a}n, Miguel A and Cole, Stephen R and Margolick, Joseph and Cohen, Mardge and Robins, James M},
  journal={Pharmacoepidemiology and Drug Safety},
  volume={14},
  number={7},
  pages={477--491},
  year={2005},
  publisher={Wiley Online Library}
}

@article{lee2016,
  title={Marginal structural cox models with case-cohort sampling},
  author={Lee, Hana and Hudgens, Michael G and Cai, Jianwen and Cole, Stephen R},
  journal={Statistica Sinica},
  volume={26},
  number={2},
  pages={509},
  year={2016},
  publisher={NIH Public Access}
}

@article{fu2017,
  title={Joint modeling of longitudinal and survival data with the Cox model and two-phase sampling},
  author={Fu, Rong and Gilbert, Peter B},
  journal={Lifetime Data Analysis},
  volume={23},
  number={1},
  pages={136--159},
  year={2017},
  publisher={Springer}
}

@article{pawitan1993,
  title={Modeling disease marker processes in AIDS},
  author={Pawitan, Yudi and Self, Steve},
  journal={Journal of the American Statistical Association},
  volume={88},
  number={423},
  pages={719--726},
  year={1993},
  publisher={Taylor \& Francis}
}

@article{dafni1998,
  title={Evaluating surrogate markers of clinical outcome when measured with error},
  author={Dafni, Urania G and Tsiatis, Anastasios A},
  journal={Biometrics},
  volume={54},
  number={4},
  pages={1445--1462},
  year={1998},
  publisher={JSTOR}
}

@article{young2010,
  title={Relation between three classes of structural models for the effect of a time-varying exposure on survival},
  author={Young, Jessica G and Hern{\'a}n, Miguel A and Picciotto, Sally and Robins, James M},
  journal={Lifetime Data Analysis},
  volume={16},
  number={1},
  pages={71},
  year={2010},
  publisher={Springer}
}

@article{rizopoulos2011,
  title={Dynamic predictions and prospective accuracy in joint models for longitudinal and time-to-event data},
  author={Rizopoulos, Dimitris},
  journal={Biometrics},
  volume={67},
  number={3},
  pages={819--829},
  year={2011},
  publisher={Wiley Online Library}
}

@article{li2019,
  title={Dynamic predictions in Bayesian functional joint models for longitudinal and time-to-event data: An application to Alzheimerâ€™s disease},
  author={Li, Kan and Luo, Sheng},
  journal={Statistical Methods in Medical Research},
  volume={28},
  number={2},
  pages={327--342},
  year={2019},
  publisher={SAGE Publications Sage UK: London, England}
}

@article{taubman2009,
  title={Intervening on risk factors for coronary heart disease: an application of the parametric g-formula},
  author={Taubman, Sarah L and Robins, James M and Mittleman, Murray A and Hern{\'a}n, Miguel A},
  journal={International Journal of Epidemiology},
  volume={38},
  number={6},
  pages={1599--1611},
  year={2009},
  publisher={Oxford University Press}
}

@article{westreich2012,
  title={The parametric g-formula to estimate the effect of highly active antiretroviral therapy on incident AIDS or death},
  author={Westreich, Daniel and Cole, Stephen R and Young, Jessica G and Palella, Frank and Tien, Phyllis C and Kingsley, Lawrence and Gange, Stephen J and Hern{\'a}n, Miguel A},
  journal={Statistics in Medicine},
  volume={31},
  number={18},
  pages={2000--2009},
  year={2012},
  publisher={Wiley Online Library}
}

@article{edwards2014,
  title={Occupational radon exposure and lung cancer mortality: estimating intervention effects using the parametric G formula},
  author={Edwards, Jessie K and McGrath, Leah J and Buckley, Jessie P and Schubauer-Berigan, Mary K and Cole, Stephen R and Richardson, David B},
  journal={Epidemiology (Cambridge, Mass.)},
  volume={25},
  number={6},
  pages={829},
  year={2014},
  publisher={NIH Public Access}
}

@article{gilbert2017,
  title={Basis and statistical design of the passive {HIV-1} antibody mediated prevention (AMP) test-of-concept efficacy trials},
  author={Gilbert, Peter B and Juraska, Michal and deCamp, Allan C and Karuna, Shelly and Edupuganti, Srilatha and Mgodi, Nyaradzo and Donnell, Deborah J and Bentley, Carter and Sista, Nirupama and Andrew, Philip and others},
  journal={Statistical Communications in Infectious Diseases},
  volume={9},
  number={1},
  year={2017},
  publisher={De Gruyter}
}

@article{decamp2017,
  title={Sieve analysis of breakthrough {HIV-1} sequences in {HVTN} 505 identifies vaccine pressure targeting the CD4 binding site of Env-gp120},
  author={Decamp, Allan C and Rolland, Morgane and Edlefsen, Paul T and Sanders-Buell, Eric and Hall, Breana and Magaret, Craig A and Fiore-Gartland, Andrew J and Juraska, Michal and Carpp, Lindsay N and Karuna, Shelly T and others},
  journal={PloS One},
  volume={12},
  number={11},
  pages={e0185959},
  year={2017},
  publisher={Public Library of Science San Francisco, CA USA}
}

@article{gilbert2020,
  title={Post-randomization biomarker effect modification analysis in an {HIV} vaccine clinical trial},
  author={Gilbert, Peter B and Blette, Bryan S and Shepherd, Bryan E and Hudgens, Michael G},
  journal={Journal of Causal Inference},
  volume={8},
  number={1},
  pages={54--69},
  year={2020},
  publisher={De Gruyter}
}

@article{wu2012,
  title={Selection pressure on {HIV-1} envelope by broadly neutralizing antibodies to the conserved CD4-binding site},
  author={Wu, Xueling and Wang, Charlene and O'Dell, Sijy and Li, Yuxing and Keele, Brandon F and Yang, Zhongjia and Imamichi, Hiromi and Doria-Rose, Nicole and Hoxie, James A and Connors, Mark and others},
  journal={Journal of Virology},
  volume={86},
  number={10},
  pages={5844--5856},
  year={2012},
  publisher={Am Soc Microbiol}
}

@article{grant2014,
  title={Uptake of pre-exposure prophylaxis, sexual practices, and {HIV} incidence in men and transgender women who have sex with men: a cohort study},
  author={Grant, Robert M and Anderson, Peter L and McMahan, Vanessa and Liu, Albert and Amico, K Rivet and Mehrotra, Megha and Hosek, Sybil and Mosquera, Carlos and Casapia, Martin and Montoya, Orlando and others},
  journal={The Lancet Infectious Diseases},
  volume={14},
  number={9},
  pages={820--829},
  year={2014},
  publisher={Elsevier}
}

@article{grant2010,
  title={Preexposure chemoprophylaxis for {HIV} prevention in men who have sex with men},
  author={Grant, Robert M and Lama, Javier R and Anderson, Peter L and McMahan, Vanessa and Liu, Albert Y and Vargas, Lorena and Goicochea, Pedro and Casap{\'\i}a, Mart{\'\i}n and Guanira-Carranza, Juan Vicente and Ramirez-Cardich, Maria E and others},
  journal={New England Journal of Medicine},
  volume={363},
  number={27},
  pages={2587--2599},
  year={2010},
  publisher={Mass Medical Soc}
}

@article{ko2014,
  title={Enhanced neonatal Fc receptor function improves protection against primate {SHIV} infection},
  author={Ko, Sung-Youl and Pegu, Amarendra and Rudicell, Rebecca S and Yang, Zhi-yong and Joyce, M Gordon and Chen, Xuejun and Wang, Keyun and Bao, Saran and Kraemer, Thomas D and Rath, Timo and others},
  journal={Nature},
  volume={514},
  number={7524},
  pages={642--645},
  year={2014},
  publisher={Nature Publishing Group}
}

@article{van2012,
  title={Unraveling the divergent results of pre-exposure prophylaxis trials for {HIV} prevention},
  author={Van der Straten, Ariane and Van Damme, Lut and Haberer, Jessica E and Bangsberg, David R},
  journal={Aids},
  volume={26},
  number={7},
  pages={F13--F19},
  year={2012},
  publisher={LWW}
}

@article{rubin1974,
  title={Estimating causal effects of treatments in randomized and nonrandomized studies.},
  author={Rubin, Donald B},
  journal={Journal of Educational Psychology},
  volume={66},
  number={5},
  pages={688--701},
  year={1974},
  publisher={American Psychological Association}
}

@article{hernan2020,
  title={Causal inference: what if},
  author={Hern{\'a}n, Miguel A and Robins, James M},
  journal={Boca Raton: Chapman \& Hill/CRC},
  volume={2020},
  year={2020}
}

@article{horvitz1952,
  title={A generalization of sampling without replacement from a finite universe},
  author={Horvitz, Daniel G and Thompson, Donovan J},
  journal={Journal of the American Statistical Association},
  volume={47},
  number={260},
  pages={663--685},
  year={1952},
  publisher={Taylor \& Francis Group}
}

@article{hajek1971,
  title={Comment on a paper by D. Basu},
  author={H{\'a}jek, J},
  journal={Foundations of Statistical Inference},
  volume={236},
  year={1971},
  publisher={Holt, Rinehart and Winston Toronto}
}

@article{young2014,
  title={Simulation from a known Cox MSM using standard parametric models for the g-formula},
  author={Young, Jessica G and Tchetgen Tchetgen, Eric J},
  journal={Statistics in Medicine},
  volume={33},
  number={6},
  pages={1001--1014},
  year={2014},
  publisher={Wiley Online Library}
}

@article{tchetgen2012,
  title={On causal inference in the presence of interference},
  author={Tchetgen, Eric J Tchetgen and VanderWeele, Tyler J},
  journal={Statistical Methods in Medical Research},
  volume={21},
  number={1},
  pages={55--75},
  year={2012},
  publisher={Sage Publications Sage UK: London, England}
}

@article{perez2014,
  title={Assessing effects of cholera vaccination in the presence of interference},
  author={Perez-Heydrich, Carolina and Hudgens, Michael G and Halloran, M Elizabeth and Clemens, John D and Ali, Mohammad and Emch, Michael E},
  journal={Biometrics},
  volume={70},
  number={3},
  pages={731--741},
  year={2014},
  publisher={Wiley Online Library}
}

@article{liu2016,
  title={On inverse probability-weighted estimators in the presence of interference},
  author={Liu, Lan and Hudgens, Michael G and Becker-Dreps, Sylvia},
  journal={Biometrika},
  volume={103},
  number={4},
  pages={829--842},
  year={2016},
  publisher={Oxford University Press}
}

@article{buzas1996,
  title={A note on corrected-score estimation},
  author={Buzas, JS and Stefanski, LA},
  journal={Statistics \& Probability Letters},
  volume={28},
  number={1},
  pages={1--8},
  year={1996},
  publisher={Elsevier}
}

@article{li2004,
  title={A measurement error model with a Poisson distributed surrogate},
  author={Li, Liang and Palta, Mari and Shao, Jun},
  journal={Statistics in Medicine},
  volume={23},
  number={16},
  pages={2527--2536},
  year={2004},
  publisher={Wiley Online Library}
}

@article{kang2007,
  title={Demystifying double robustness: A comparison of alternative strategies for estimating a population mean from incomplete data},
  author={Kang, Joseph DY and Schafer, Joseph L},
  journal={Statistical Science},
  volume={22},
  number={4},
  pages={523--539},
  year={2007},
  publisher={Institute of Mathematical Statistics}
}

@article{robins2007,
  title={Comment: Performance of double-robust estimators when ``inverse probability'' weights are highly variable},
  author={Robins, James and Sued, Mariela and Lei-Gomez, Quanhong and Rotnitzky, Andrea},
  journal={Statistical Science},
  volume={22},
  number={4},
  pages={544--559},
  year={2007},
  publisher={JSTOR}
}

@article{vansteelandt2011,
  title={Invited commentary: G-computation - lost in translation?},
  author={Vansteelandt, Stijn and Keiding, Niels},
  journal={American Journal of Epidemiology},
  volume={173},
  number={7},
  pages={739--742},
  year={2011},
  publisher={Oxford University Press}
}
